% Encoding: UTF-8
%% This BibTeX bibliography file was created using BibDesk.
%% http://bibdesk.sourceforge.net/

%% Created for Longway at 2017-03-15 16:32:03 +0100 


%% Saved with string encoding Unicode (UTF-8) 

@article{vukovic2016low,
  title={Low-threshold RNGH instabilities in quantum cascade lasers},
  author={Vukovic, Nikola and Radovanovic, Jelena and Milanovic, Vitomir and Boiko, Dmitri L},
  journal={arXiv preprint arXiv:1601.03212},
  year={2016}
}

@article{federici2005thz,
  title={THz imaging and sensing for security applications—explosives, weapons and drugs},
  author={Federici, John F and Schulkin, Brian and Huang, Feng and Gary, Dale and Barat, Robert and Oliveira, Filipe and Zimdars, David},
  journal={Semiconductor Science and Technology},
  volume={20},
  number={7},
  pages={S266},
  year={2005},
  publisher={IOP Publishing}
}

@article{yasuda2009nonequilibrium,
  title={Nonequilibrium Green’s function calculation for four-level scheme terahertz quantum cascade lasers},
  author={Yasuda, H and Kubis, T and Vogl, P and Sekine, N and Hosako, I and Hirakawa, K},
  journal={Applied Physics Letters},
  volume={94},
  number={15},
  pages={151109},
  year={2009},
  publisher={AIP}
}

@article{wang2013rate,
  title={Rate equation analysis of injection-locked quantum cascade lasers},
  author={Wang, Cheng and Grillot, Fr{\'e}d{\'e}ric and Kovanis, Vassilios and Even, Jacky},
  journal={Journal of Applied Physics},
  volume={113},
  number={6},
  pages={063104},
  year={2013},
  publisher={AIP}
}

@article{barbieri200713,
  title={13 GHz direct modulation of terahertz quantum cascade lasers},
  author={Barbieri, Stefano and Maineult, Wilfried and Dhillon, Sukhdeep S and Sirtori, Carlo and Alton, Jesse and Breuil, Nicolas and Beere, Harvey E and Ritchie, David A},
  journal={Applied Physics Letters},
  volume={91},
  number={14},
  pages={143510},
  year={2007},
  publisher={AIP}
}

@article{tan1990self,
  title={A self-consistent solution of Schr{\"o}dinger--Poisson equations using a nonuniform mesh},
  author={Tan, I-H and Snider, GL and Chang, LD and Hu, EL},
  journal={Journal of applied physics},
  volume={68},
  number={8},
  pages={4071--4076},
  year={1990},
  publisher={AIP}
}

@article{jonsson1990solving,
  title={Solving the Schrodinger equation in arbitrary quantum-well potential profiles using the transfer matrix method},
  author={Jonsson, Bj{\"o}rn and Eng, Sverre T},
  journal={IEEE journal of quantum electronics},
  volume={26},
  number={11},
  pages={2025--2035},
  year={1990},
  publisher={IEEE}
}

@article{li1992simulation,
  title={Simulation of electromagnetic radiation and scattering using a finite difference-time domain technique},
  author={Li, K and Tassoudji, MA and Shin, RT and Kong, JA},
  journal={Computer Applications in Engineering Education},
  volume={1},
  number={1},
  pages={45--63},
  year={1992},
  publisher={Wiley Online Library}
}

@article{kazarinov1971possibility,
  title={Possibility of amplification of electromagnetic waves in a semiconductor with superlattice},
  author={Kazarinov, R},
  journal={Sov. Phys.-Semicond.},
  volume={5},
  number={4},
  pages={707--709},
  year={1971}
}

@article{gmachl2002ultra,
  title={Ultra-broadband semiconductor laser},
  author={Gmachl, Claire and Sivco, Deborah L and Colombelli, Raffaele and Capasso, Federico and Cho, Alfred Y},
  journal={Nature},
  volume={415},
  number={6874},
  pages={883--887},
  year={2002},
  publisher={Nature Publishing Group}
}

@book{grant2013electromagnetism,
  title={Electromagnetism},
  author={Grant, Ian S and Phillips, William Robert},
  year={2013},
  publisher={John Wiley \& Sons}
}

@book{heaviside2008electromagnetic,
  title={Electromagnetic theory},
  author={Heaviside, Oliver},
  volume={3},
  year={2008},
  publisher={Cosimo, Inc.}
}

@book{ramo2008fields,
  title={Fields and waves in communication electronics},
  author={Ramo, Simon and Whinnery, John R and Van Duzer, Theodore},
  year={2008},
  publisher={John Wiley \& Sons}
}

@article{yan2009directional,
  title={Directional emission and universal far-field behavior from semiconductor lasers with lima{\c{c}}on-shaped microcavity},
  author={Yan, Changling and Wang, Qi Jie and Diehl, Laurent and Hentschel, Martina and Wiersig, Jan and Yu, Nanfang and Pfl{\"u}gl, Christian and Capasso, Federico and Belkin, Mikhail A and Edamura, Tadataka and others},
  journal={Applied Physics Letters},
  volume={94},
  number={25},
  pages={251101},
  year={2009},
  publisher={AIP}
}

@article{dhar2015nanoscopic,
  title={Nanoscopic voltage distribution of operating cascade laser devices in cryogenic temperature},
  author={Dhar, RS and Ban, D},
  journal={Journal of microscopy},
  year={2015},
  publisher={Wiley Online Library}
}

@article{huang2014non,
  title={Non-uniform lateral current distribution in quantum cascade lasers},
  author={Huang, Xue and Dikmelik, Yamac and Gmachl, Claire},
  journal={Optics express},
  volume={22},
  number={5},
  pages={6154--6164},
  year={2014},
  publisher={Optical Society of America}
}

@article{johnston2014enhanced,
  title={An enhanced transmission line method for modelling laminar flow of liquid in pipelines},
  author={Johnston, Nigel and Pan, Min and Kudzma, Sylwester},
  journal={Proceedings of the Institution of Mechanical Engineers, Part I: Journal of Systems and Control Engineering},
  volume={228},
  number={4},
  pages={193--206},
  year={2014},
  publisher={SAGE Publications Sage UK: London, England}
}

@article{xu2010modified,
  title={Modified transmission-line method for contact resistance extraction in organic field-effect transistors},
  author={Xu, Yong and Gwoziecki, R and Chartier, I and Coppard, R and Balestra, F and Ghibaudo, G},
  journal={Applied Physics Letters},
  volume={97},
  number={6},
  pages={171},
  year={2010},
  publisher={AIP}
}

@inproceedings{pillai1970fringing,
  title={Fringing field of finite parallel-plate capacitors},
  author={Pillai, KPP},
  booktitle={Proceedings of the Institution of Electrical Engineers},
  volume={117},
  number={6},
  pages={1201--1204},
  year={1970},
  organization={IET}}

@article{orlandi1996fdtd,
  title={FDTD analysis of lossy, multiconductor transmission lines terminated in arbitrary loads},
  author={Orlandi, Antonio and Paul, Clayton R},
  journal={IEEE Transactions on Electromagnetic Compatibility},
  volume={38},
  number={3},
  pages={388--399},
  year={1996},
  publisher={IEEE}}

@article{gedney2011introduction,
  title={Introduction to the finite-difference time-domain (FDTD) method for electromagnetics},
  author={Gedney, Stephen D},
  journal={Synthesis Lectures on Computational Electromagnetics},
  volume={6},
  number={1},
  pages={1--250},
  year={2011},
  publisher={Morgan \& Claypool Publishers}}

@article{haus2000mode,
  title={Mode-locking of lasers},
  author={Haus, Herman A},
  journal={IEEE Journal of Selected Topics in Quantum Electronics},
  volume={6},
  number={6},
  pages={1173--1185},
  year={2000},
  publisher={IEEE}}

@article{bai2011room,
  title={Room temperature quantum cascade lasers with 27\% wall plug efficiency},
  author={Bai, Y and Bandyopadhyay, N and Tsao, Slivken and Slivken, S and Razeghi, M},
  journal={Applied Physics Letters},
  volume={98},
  number={18},
  pages={181102},
  year={2011},
  publisher={AIP}}

@article{yang2012central,
	Author = {Yang, Dinghui and Tong, Ping and Deng, Xiaoying},
	Date-Added = {2017-03-15 15:32:00 +0000},
	Date-Modified = {2017-03-15 15:32:00 +0000},
	Journal = {Geophysical Prospecting},
	Number = {5},
	Pages = {885--905},
	Publisher = {Wiley Online Library},
	Title = {A central difference method with low numerical dispersion for solving the scalar wave equation},
	Volume = {60},
	Year = {2012}}

@article{slivken1999relaxation,
	Author = {Slivken, S and Litvinov, VI and Razeghi, M and Meyer, JR},
	Date-Added = {2016-07-05 10:45:57 +0000},
	Date-Modified = {2016-07-05 10:45:57 +0000},
	Journal = {Journal of applied physics},
	Number = {2},
	Pages = {665--671},
	Publisher = {AIP Publishing},
	Title = {Relaxation kinetics in quantum cascade lasers},
	Volume = {85},
	Year = {1999}}

@article{maineult2010microwave,
	Author = {Maineult, W and Ding, L and Gellie, P and Filloux, P and Sirtori, C and Barbieri, S and Akalin, T and Lampin, J-F and Sagnes, I and Beere, HE and others},
	Date-Added = {2016-06-25 09:00:57 +0000},
	Date-Modified = {2016-06-25 09:00:57 +0000},
	Journal = {Applied Physics Letters},
	Number = {2},
	Pages = {021108},
	Publisher = {AIP Publishing},
	Title = {Microwave modulation of terahertz quantum cascade lasers: a transmission-line approach},
	Volume = {96},
	Year = {2010}}

@article{oustinov2010phase,
	Author = {Oustinov, Dimitri and Jukam, Nathan and Rungsawang, Rakchanok and Mad{\'e}o, Julien and Barbieri, Stefano and Filloux, Pascal and Sirtori, Carlo and Marcadet, Xavier and Tignon, J{\'e}r{\^o}me and Dhillon, Sukhdeep},
	Date-Added = {2016-06-18 07:41:24 +0000},
	Date-Modified = {2016-06-18 07:41:24 +0000},
	Journal = {Nature communications},
	Pages = {69},
	Publisher = {Nature Publishing Group},
	Title = {Phase seeding of a terahertz quantum cascade laser},
	Volume = {1},
	Year = {2010}}

@article{villares2014dual,
	Author = {Villares, Gustavo and Hugi, Andreas and Blaser, St{\'e}phane and Faist, J{\'e}r{\^o}me},
	Date-Added = {2016-06-18 07:40:05 +0000},
	Date-Modified = {2016-06-18 07:40:05 +0000},
	Journal = {Nature communications},
	Publisher = {Nature Publishing Group},
	Title = {Dual-comb spectroscopy based on quantum-cascade-laser frequency combs},
	Volume = {5},
	Year = {2014}}

@article{williams2007terahertz,
	Author = {Williams, Benjamin S},
	Date-Added = {2016-06-18 07:39:09 +0000},
	Date-Modified = {2016-06-18 07:39:09 +0000},
	Journal = {Nature photonics},
	Number = {9},
	Pages = {517--525},
	Publisher = {Nature Publishing Group},
	Title = {Terahertz quantum-cascade lasers},
	Volume = {1},
	Year = {2007}}

@book{weiner2011ultrafast,
	Author = {Weiner, Andrew},
	Date-Added = {2016-06-09 08:23:48 +0000},
	Date-Modified = {2016-06-09 08:23:48 +0000},
	Publisher = {John Wiley \& Sons},
	Title = {Ultrafast optics},
	Volume = {72},
	Year = {2011}}

@article{tredicucci2004terahertz,
	Author = {Tredicucci, Alessandro and K{\"o}hler, R and Beltram, F and Beere, HE and Linfield, EH and Davies, AG and Ritchie, Da A},
	Date-Added = {2016-06-09 07:56:02 +0000},
	Date-Modified = {2016-06-09 07:56:02 +0000},
	Journal = {Physica E: Low-dimensional Systems and Nanostructures},
	Number = {2},
	Pages = {846--851},
	Publisher = {Elsevier},
	Title = {Terahertz quantum cascade lasers},
	Volume = {21},
	Year = {2004}}

@article{faist1994quantum,
	Author = {Faist, Jerome and Capasso, Federico and Sivco, Deborah L and Sirtori, Carlo and Hutchinson, Albert L and Cho, Alfred Y},
	Date-Added = {2016-06-09 07:54:56 +0000},
	Date-Modified = {2016-06-09 07:54:56 +0000},
	Journal = {Science},
	Number = {5158},
	Pages = {553--556},
	Publisher = {American Association for the Advancement of Science},
	Title = {Quantum cascade laser},
	Volume = {264},
	Year = {1994}}

@article{bachmann2016short,
	Author = {Bachmann, Dominic and Beck, Mattias and Unterrainer, Karl and Darmo, Juraj and Faist, J{\'e}r{\^o}me and Scalari, Giacomo and others},
	Date-Added = {2016-06-09 07:19:24 +0000},
	Date-Modified = {2016-06-09 07:19:24 +0000},
	Journal = {arXiv preprint arXiv:1605.09528},
	Title = {Short pulse generation and mode control of broadband terahertz quantum cascade lasers},
	Year = {2016}}

@article{mc2006aspects,
	Author = {Mc Tavish, James and Indjin, Dragan and Harrison, Paul},
	Date-Added = {2016-06-08 07:16:45 +0000},
	Date-Modified = {2016-06-08 07:16:45 +0000},
	Journal = {Journal of Applied Physics},
	Number = {11},
	Pages = {114505},
	Publisher = {AIP Publishing},
	Title = {Aspects of the internal physics of InGaAs/ InAlAs quantum cascade lasers},
	Volume = {99},
	Year = {2006}}

@article{kumar2009186,
	Author = {Kumar, Sushil and Hu, Qing and Reno, John L},
	Date-Added = {2016-06-05 12:44:11 +0000},
	Date-Modified = {2016-06-05 12:44:11 +0000},
	Journal = {Applied Physics Letters},
	Number = {13},
	Pages = {131105},
	Publisher = {AIP Publishing},
	Title = {186 K operation of terahertz quantum-cascade lasers based on a diagonal design},
	Volume = {94},
	Year = {2009}}

@article{ajili2005ingaas,
	Author = {Ajili, Lassaad and Scalari, Giacomo and Hoyler, Nicolas and Giovannini, Marcella and Faist, Jeroˆme},
	Date-Added = {2016-06-05 11:39:23 +0000},
	Date-Modified = {2016-06-05 11:39:23 +0000},
	Journal = {Applied Physics Letters},
	Number = {14},
	Pages = {141107--141107},
	Publisher = {New York [etc.] American Institute of Physics.},
	Title = {InGaAs-AlInAs/InP terahertz quantum cascade laser},
	Volume = {87},
	Year = {2005}}

@article{talukder2011modeling,
	Author = {Talukder, Muhammad Anisuzzaman},
	Date-Added = {2016-06-05 11:37:19 +0000},
	Date-Modified = {2016-06-05 11:37:19 +0000},
	Journal = {Journal of Applied Physics},
	Number = {3},
	Pages = {033104},
	Publisher = {AIP Publishing},
	Title = {Modeling of gain recovery of quantum cascade lasers},
	Volume = {109},
	Year = {2011}}

@article{wang2009mode,
	Author = {Wang, Christine Y and Kuznetsova, Lyuba and Gkortsas, VM and Diehl, Laurent and Kaertner, Franz X and Belkin, Mikhail A and Belyanin, Alexey and Li, Xiaofeng and Ham, Donhee and Schneider, Harald and others},
	Date-Added = {2016-06-05 11:35:21 +0000},
	Date-Modified = {2016-06-05 11:35:21 +0000},
	Journal = {Optics express},
	Number = {15},
	Pages = {12929--12943},
	Publisher = {Optical Society of America},
	Title = {Mode-locked pulses from mid-infrared quantum cascade lasers},
	Volume = {17},
	Year = {2009}}

@article{wang2015generating,
	Author = {Wang, Feihu and Maussang, Kenneth and Moumdji, Souad and Colombelli, Raffaele and Freeman, Joshua R and Kundu, Iman and Li, Lianhe and Linfield, Edmund H and Davies, A Giles and Mangeney, Juliette and others},
	Date-Added = {2016-06-05 11:30:44 +0000},
	Date-Modified = {2016-06-05 11:30:44 +0000},
	Journal = {Optica},
	Number = {11},
	Pages = {944--949},
	Publisher = {Optical Society of America},
	Title = {Generating ultrafast pulses of light from quantum cascade lasers},
	Volume = {2},
	Year = {2015}}

@article{revin2016active,
	Author = {Revin, DG and Hemingway, M and Wang, Y and Cockburn, JW and Belyanin, A},
	Date-Added = {2016-06-05 10:13:11 +0000},
	Date-Modified = {2016-06-05 10:13:11 +0000},
	Journal = {Nature communications},
	Publisher = {Nature Publishing Group},
	Title = {Active mode locking of quantum cascade lasers in an external ring cavity},
	Volume = {7},
	Year = {2016}}

@article{barbieri2011coherent,
	Author = {Barbieri, Stefano and Ravaro, Marco and Gellie, Pierre and Santarelli, Giorgio and Manquest, Christophe and Sirtori, Carlo and Khanna, Suraj P and Linfield, Edmund H and Davies, A Giles},
	Date-Added = {2016-06-05 10:11:26 +0000},
	Date-Modified = {2016-06-05 10:11:26 +0000},
	Journal = {Nature Photonics},
	Number = {5},
	Pages = {306--313},
	Publisher = {Nature Publishing Group},
	Title = {Coherent sampling of active mode-locked terahertz quantum cascade lasers and frequency synthesis},
	Volume = {5},
	Year = {2011}}

@article{gellie2010injection,
	Author = {Gellie, Pierre and Barbieri, Stefano and Lampin, Jean-Fran{\c{c}}ois and Filloux, Pascal and Manquest, Christophe and Sirtori, Carlo and Sagnes, Isabelle and Khanna, Suraj P and Linfield, Edmund H and Davies, A Giles and others},
	Date-Added = {2016-06-05 10:09:44 +0000},
	Date-Modified = {2016-06-05 10:09:44 +0000},
	Journal = {Optics express},
	Number = {20},
	Pages = {20799--20816},
	Publisher = {Optical Society of America},
	Title = {Injection-locking of terahertz quantum cascade lasers up to 35GHz using RF amplitude modulation},
	Volume = {18},
	Year = {2010}}

@Article{yee1966numerical,
  author    = {Yee, Kane},
  title     = {Numerical solution of initial boundary value problems involving Maxwell's equations in isotropic media},
  journal   = {IEEE Transactions on antennas and propagation},
  year      = {1966},
  volume    = {14},
  number    = {3},
  pages     = {302--307},
  publisher = {IEEE}}

